
@inproceedings{opening_the_clouds,
	title = {Opening the clouds: qualitative overview of the state-of-the-art open source (VM-based) cloud management platforms},
	url = {http://dl.acm.org/citation.cfm?id=1657011},
	shorttitle = {Opening the clouds},
	pages = {22},
	booktitle = {Proceedings of the 10th (ACM/IFIP/USENIX) International Conference on Middleware},
	publisher = {Springer-Verlag New York, Inc.},
	author = {Cerbelaud, Damien and Garg, Shishir and Huylebroeck, Jeremy},
	urldate = {2014-05-03},
	date = {2009},
}

@online{podimg,
	title = {(PoDIM:) A Language for High-Level Configuration Management},
	url = {http://static.usenix.org/legacy/events/lisa07/tech/full_papers/delaet/delaet_html/},
	urldate = {2014-05-03},
}

@article{deploying_elastic_services,
	title = {Towards an architecture for deploying elastic services in the cloud},
	volume = {42},
	issn = {00380644},
	url = {http://doi.wiley.com/10.1002/spe.1090},
	doi = {10.1002/spe.1090},
	pages = {395-408},
	number = {4},
	journaltitle = {Software: Practice and Experience},
	author = {Kirschnick, Johannes and Alcaraz Calero, Jose M. and Goldsack, Patrick and Farrell, Andrew and Guijarro, Julio and Loughran, Steve and Edwards, Nigel and Wilcock, Lawrence},
	urldate = {2014-05-03},
	date = {2012-04},
	langid = {english},
}

@inproceedings{IMP,
	title = {A framework for integrated configuration management tools},
	url = {http://ieeexplore.ieee.org/xpls/abs_all.jsp?arnumber=6573029},
	pages = {534â€“540},
	booktitle = {Integrated Network Management ({IM} 2013), 2013 {IFIP/IEEE} International Symposium on},
	publisher = {{IEEE}},
	author = {Vanbrabant, Bart and Joosen, Wouter},
	urldate = {2014-05-03},
	date = {2013},
}

@inproceedings{why_do_upgrades_fail,
	title = {Why do upgrades fail and what can we do about it?: toward dependable, online upgrades in enterprise system},
	url = {http://dl.acm.org/citation.cfm?id=1657005},
	shorttitle = {Why do upgrades fail and what can we do about it?},
	pages = {18},
	booktitle = {Proceedings of the 10th {ACM/IFIP/USENIX} International Conference on Middleware},
	publisher = {Springer-Verlag New York, Inc.},
	author = {Dumitras, Tudor and Narasimhan, Priya},
	urldate = {2014-05-03},
	date = {2009},
}

@online{sysadvent,
	title = {Sysadvent: Day 19 - Why Use Configuration Management?},
	howpublished = "\url{http://sysadvent.blogspot.be/2011/12/day-19-why-use-configuration-management.html}",
	shorttitle = {sysadvent},
	author = {Sissel, Jordan},
	urldate = {2014-05-03},
}

@online{puppet,
	title = {Puppet Labs: {IT} Automation Software for System Administrators},
	howpublished = "\url{http://puppetlabs.com/}",
	urldate = {2014-05-03},
}

@online{puppet-orchestration,
	title = {Feature \#16187: Relationships should work between hosts - Puppet - Puppet Labs},
	howpublished = "\url{http://projects.puppetlabs.com/issues/16187}",
	urldate = {2014-05-03},
}

@online{cfengine,
	title = {Configuration management software {\textbar} Open source configuration management - {CFEngine} - Distributed Configuration Management},
	howpublished = "\url{http://cfengine.com/}",
	urldate = {2014-05-03},
}

@online{ansible,
	title = {Ansible is Simple {IT} Automation},
        howpublished = "\url{http://www.ansible.com/home}",
	urldate = {2014-05-03},
}
