
@inproceedings{cerbelaud_opening_2009,
	title = {Opening the clouds: qualitative overview of the state-of-the-art open source {VM-based} cloud management platforms},
	url = {http://dl.acm.org/citation.cfm?id=1657011},
	shorttitle = {Opening the clouds},
	pages = {22},
	booktitle = {Proceedings of the 10th {ACM/IFIP/USENIX} International Conference on Middleware},
	publisher = {Springer-Verlag New York, Inc.},
	author = {Cerbelaud, Damien and Garg, Shishir and Huylebroeck, Jeremy},
	urldate = {2014-05-03},
	date = {2009},
	file = {Opening the clouds: qualitative overview of the state-of-the-art open source VM-based cloud management platforms - ,DanaInfo=delivery.acm.org+a22-cerbelaud.pdf:/home/harm/.mozilla/firefox/0tl74v7d.default/zotero/storage/A79DWUQK/,DanaInfo=delivery.acm.org+a22-cerbelaud.pdf:application/pdf}
}

@online{_podim:_????,
	title = {{PoDIM:} A Language for High-Level Configuration Management},
	url = {http://static.usenix.org/legacy/events/lisa07/tech/full_papers/delaet/delaet_html/},
	urldate = {2014-05-03},
	file = {PoDIM: A Language for High-Level Configuration Management:/home/harm/.mozilla/firefox/0tl74v7d.default/zotero/storage/2NSPM3DN/delaet_html.html:text/html}
}

@article{kirschnick_towards_2012,
	title = {Towards an architecture for deploying elastic services in the cloud},
	volume = {42},
	issn = {00380644},
	url = {http://doi.wiley.com/10.1002/spe.1090},
	doi = {10.1002/spe.1090},
	pages = {395-408},
	number = {4},
	journaltitle = {Software: Practice and Experience},
	author = {Kirschnick, Johannes and Alcaraz Calero, Jose M. and Goldsack, Patrick and Farrell, Andrew and Guijarro, Julio and Loughran, Steve and Edwards, Nigel and Wilcock, Lawrence},
	urldate = {2014-05-03},
	date = {2012-04},
	langid = {english},
	file = {,DanaInfo=onlinelibrary.wiley.com+spe1090.pdf:/home/harm/.mozilla/firefox/0tl74v7d.default/zotero/storage/DXBXEAPE/,DanaInfo=onlinelibrary.wiley.com+spe1090.pdf:application/pdf}
}

@inproceedings{vanbrabant_framework_2013,
	title = {A framework for integrated configuration management tools},
	url = {http://ieeexplore.ieee.org/xpls/abs_all.jsp?arnumber=6573029},
	pages = {534–540},
	booktitle = {Integrated Network Management ({IM} 2013), 2013 {IFIP/IEEE} International Symposium on},
	publisher = {{IEEE}},
	author = {Vanbrabant, Bart and Joosen, Wouter},
	urldate = {2014-05-03},
	date = {2013},
	file = {,DanaInfo=ieeexplore.ieee.org+06573029.pdf:/home/harm/.mozilla/firefox/0tl74v7d.default/zotero/storage/ZWVN4FEN/,DanaInfo=ieeexplore.ieee.org+06573029.pdf:application/pdf}
}

@inproceedings{dumitras_why_2009,
	title = {Why do upgrades fail and what can we do about it?: toward dependable, online upgrades in enterprise system},
	url = {http://dl.acm.org/citation.cfm?id=1657005},
	shorttitle = {Why do upgrades fail and what can we do about it?},
	pages = {18},
	booktitle = {Proceedings of the 10th {ACM/IFIP/USENIX} International Conference on Middleware},
	publisher = {Springer-Verlag New York, Inc.},
	author = {Dumitraş, Tudor and Narasimhan, Priya},
	urldate = {2014-05-03},
	date = {2009},
	file = {,DanaInfo=delivery.acm.org+a18-dumitras.pdf:/home/harm/.mozilla/firefox/0tl74v7d.default/zotero/storage/XJ9A6ZQ9/,DanaInfo=delivery.acm.org+a18-dumitras.pdf:application/pdf}
}

@online{sysadvent,
	title = {sysadvent: Day 19 - Why Use Configuration Management?},
	url = {http://sysadvent.blogspot.be/2011/12/day-19-why-use-configuration-management.html},
	shorttitle = {sysadvent},
	author = {Sissel, Jordan},
	urldate = {2014-05-03},
	file = {Snapshot:/home/harm/.mozilla/firefox/0tl74v7d.default/zotero/storage/9TTAISEX/day-19-why-use-configuration-management.html:text/html}
}

@online{puppet,
	title = {Puppet Labs: {IT} Automation Software for System Administrators},
	url = {http://puppetlabs.com/},
	urldate = {2014-05-03},
	file = {Puppet Labs: IT Automation Software for System Administrators:/home/harm/.mozilla/firefox/0tl74v7d.default/zotero/storage/A7KW6JTG/puppetlabs.com.html:text/html}
}

@online{puppet-orchestration,
	title = {Feature \#16187: Relationships should work between hosts - Puppet - Puppet Labs},
	url = {http://projects.puppetlabs.com/issues/16187},
	urldate = {2014-05-03},
	file = {Feature #16187: Relationships should work between hosts - Puppet - Puppet Labs:/home/harm/.mozilla/firefox/0tl74v7d.default/zotero/storage/8I8R3ZFC/16187.html:text/html}
}

@online{cfengine,
	title = {Configuration management software {\textbar} Open source configuration management - {CFEngine} - Distributed Configuration Management},
	url = {http://cfengine.com/},
	urldate = {2014-05-03},
	file = {Configuration management software | Open source configuration management - CFEngine - Distributed Configuration Management:/home/harm/.mozilla/firefox/0tl74v7d.default/zotero/storage/B3IMF8XQ/cfengine.com.html:text/html}
}

@online{ansible,
	title = {Ansible is Simple {IT} Automation},
	url = {http://www.ansible.com/home},
	urldate = {2014-05-03},
	file = {Ansible is Simple IT Automation:/home/harm/.mozilla/firefox/0tl74v7d.default/zotero/storage/3TZVA8DD/home.html:text/html}
}
